@article{Krenn_2017,
	doi = {10.1103/physrevlett.119.240403},
	url = {https://doi.org/10.1103%2Fphysrevlett.119.240403},
	year = 2017,
	month = {12},
	publisher = {American Physical Society ({APS})},
	volume = {119},
	number = {24},
	author = {Mario Krenn and Xuemei Gu and Anton Zeilinger},
	title = {Quantum Experiments and Graphs: Multiparty States as Coherent Superpositions of Perfect Matchings},
	journal = {Physical Review Letters}
}

@misc{wordpress,
    title = "Inherited Vertex Coloring of Graphs",
    author = "Mario Krenn",
    url = "https://mariokrenn.wordpress.com/graph-theory-question/",
    note = "Accessed: 2023-05-07"
}

@misc{bogdanov,
    title = "Answer to : Graphs with only disjoint perfect matchings",
    author = "Ilya Bogdanov",
    url = "https://mathoverflow.net/a/267013/63938",
    note = "Accessed: 2023-04-19"
}

@article{chandran,
      title={Perfect Matchings and Quantum Physics: Progress on Krenn's Conjecture}, 
      author={L. Sunil Chandran and Rishikesh Gajjala},
      year={2022},
      eprint={2202.05562},
      archivePrefix={arXiv},
      primaryClass={cs.DM}
}

@misc{chandran2023graphtheoretic,
      title={Graph-theoretic insights on the constructability of complex entangled states}, 
      author={L. Sunil Chandran and Rishikesh Gajjala},
      year={2023},
      eprint={2304.06407},
      archivePrefix={arXiv},
      primaryClass={quant-ph}
}

@book{graphtheory,
  title     = "Graduate Texts in Mathematics",
  volume    = "Graph theory",
  author    = "Reinhard Diestel",
  year      = 2017,
  publisher = "Springer",
  address   = "Berlin, Heidelberg"
}

@article{EPR,
  title = {Can Quantum-Mechanical Description of Physical Reality Be Considered Complete?},
  author = {Einstein, A. and Podolsky, B. and Rosen, N.},
  journal = {Phys. Rev.},
  volume = {47},
  issue = {10},
  pages = {777--780},
  numpages = {0},
  year = {1935},
  month = {May},
  publisher = {American Physical Society},
  doi = {10.1103/PhysRev.47.777},
  url = {https://link.aps.org/doi/10.1103/PhysRev.47.777}
}

@article{bell1964,
  title={On the einstein podolsky rosen paradox},
  author={Bell, John S},
  journal={Physics Physique Fizika},
  volume={1},
  number={3},
  pages={195},
  year={1964},
  publisher={APS}
}

@article{2012QuantumTA,
  title={Quantum teleportation achieved over record distances},
  author={},
  journal={Nature},
  year={2012},
  url={https://api.semanticscholar.org/CorpusID:124852641}
}

@article{notFasterThanLight,
  title={No, We Still Can't Use Quantum Entanglement To Communicate Faster Than Light},
  author={Siegel, Ethan},
  journal={Forbes},
  year={2020},
  url={https://www.forbes.com/sites/startswithabang/2020/01/02/no-we-still-cant-use-quantum-entanglement-to-communicate-faster-than-light/}
}

@misc{nobelprizeNobelPrize,
	author = {The Royal Swedish Academy of Sciences},
	title = {{T}he {N}obel {P}rize in {P}hysics 2022 --- nobelprize.org},
	howpublished = {\url{https://www.nobelprize.org/prizes/physics/2022/press-release/}},
	year = {2022},
	note = {[Accessed 18-04-2024]},
}

@incollection{GHZ,
  title={Going beyond Bell’s theorem},
  author={Greenberger, Daniel M and Horne, Michael A and Zeilinger, Anton},
  booktitle={Bell’s theorem, quantum theory and conceptions of the universe},
  pages={69--72},
  year={1989},
  publisher={Springer}
}

@inproceedings{dirac1939,
  title={A new notation for quantum mechanics},
  author={Dirac, Paul Adrien Maurice},
  booktitle={Mathematical proceedings of the Cambridge philosophical society},
  volume={35},
  number={3},
  pages={416--418},
  year={1939},
  organization={Cambridge University Press}
}

@article{Bouwmeester_1999,
   title={Observation of Three-Photon Greenberger-Horne-Zeilinger Entanglement},
   volume={82},
   ISSN={1079-7114},
   url={http://dx.doi.org/10.1103/PhysRevLett.82.1345},
   DOI={10.1103/physrevlett.82.1345},
   number={7},
   journal={Physical Review Letters},
   publisher={American Physical Society (APS)},
   author={Bouwmeester, Dik and Pan, Jian-Wei and Daniell, Matthew and Weinfurter, Harald and Zeilinger, Anton},
   year={1999},
   month=feb, pages={1345–1349}
}

@article{wang2016experimental,
  title={Experimental ten-photon entanglement},
  author={Wang, Xi-Lin and Chen, Luo-Kan and Li, Wei and Huang, H-L and Liu, Chang and Chen, Chao and Luo, Y-H and Su, Z-E and Wu, Dian and Li, Z-D and others},
  journal={Physical review letters},
  volume={117},
  number={21},
  pages={210502},
  year={2016},
  publisher={APS}
}

@article{gu2020compact,
  title={Compact Greenberger—Horne—Zeilinger state generation via frequency combs and graph theory},
  author={Gu, Xuemei and Krenn, Mario},
  journal={Frontiers of Physics},
  volume={15},
  number={6},
  pages={61502},
  year={2020},
  publisher={Springer Nature BV}
}

@article{pivoluska2018layered,
  title={Layered quantum key distribution},
  author={Pivoluska, Matej and Huber, Marcus and Malik, Mehul},
  journal={Physical Review A},
  volume={97},
  number={3},
  pages={032312},
  year={2018},
  publisher={APS}
}

@misc{wikipediaBinomialTheorem,
	author = {Wikipedia},
	title = {{B}inomial theorem - {W}ikipedia --- en.wikipedia.org},
	howpublished = {\url{https://en.wikipedia.org/wiki/Binomial_theorem}},
	year = {},
	note = {[Accessed 12-05-2024]},
}

@misc{python,
	author = {},
	title = {python.org},
	howpublished = {\url{https://www.python.org/about/}},
	year = {},
	note = {[Accessed 17-05-2024]},
}

@article{kumar2021state,
  title={State-of-the-art survey of quantum cryptography},
  author={Kumar, Ajay and Garhwal, Sunita},
  journal={Archives of Computational Methods in Engineering},
  volume={28},
  pages={3831--3868},
  year={2021},
  publisher={Springer}
}

@article{otterbach2017unsupervised,
  title={Unsupervised machine learning on a hybrid quantum computer},
  author={Otterbach, Johannes S and Manenti, Riccardo and Alidoust, Nasser and Bestwick, A and Block, M and Bloom, B and Caldwell, S and Didier, N and Fried, E Schuyler and Hong, S and others},
  journal={arXiv preprint arXiv:1712.05771},
  year={2017}
}

@article{hassija2020forthcoming,
  title={Forthcoming applications of quantum computing: peeking into the future},
  author={Hassija, Vikas and Chamola, Vinay and Goyal, Adit and Kanhere, Salil S and Guizani, Nadra},
  journal={IET Quantum Communication},
  volume={1},
  number={2},
  pages={35--41},
  year={2020},
  publisher={Wiley Online Library}
}
